<?xml version="1.0" encoding="UTF-8"?><collection xmlns="http://www.loc.gov/MARC21/slim"><record><leader>00474nam--2200169-u-4500</leader><controlfield tag="001">000055574</controlfield><controlfield tag="002">20161230</controlfield><controlfield tag="005">20161230201052</controlfield><controlfield tag="008">130227s1000------------r-----000-0-eng-d</controlfield><datafield ind1=" " ind2=" " tag="040"><subfield code="a">IFIN-HH</subfield></datafield><datafield ind1=" " ind2=" " tag="080"><subfield code="a">62(038):801.323.2=82=50</subfield></datafield><datafield ind1="1" ind2=" " tag="100"><subfield code="a">Vandelli, C</subfield></datafield><datafield ind1="1" ind2="0" tag="245"><subfield code="a">Dizionario tecnico russo-italiano</subfield><subfield code="b">Russko-italianskii tehniceskii slovari</subfield><subfield code="c">C. vandelli</subfield></datafield><datafield ind1=" " ind2=" " tag="260"><subfield code="a">Moskva</subfield><subfield code="b">Russkii Iazik</subfield><subfield code="c">1983</subfield></datafield><datafield ind1=" " ind2=" " tag="300"><subfield code="a">557P</subfield></datafield><datafield ind1=" " ind2=" " tag="852"><subfield code="a">D.604</subfield><subfield code="c">SLT</subfield></datafield><datafield ind1=" " ind2=" " tag="CAT"><subfield code="a">Sys</subfield><subfield code="c">20130227</subfield><subfield code="h">125233</subfield></datafield></record></collection>